@article{zehner2010visualization,
author = {Zehner, Björn and Watanabe, Norihiro and Kolditz, Olaf},
year = {2010},
month = {10},
pages = {1268-1275},
title = {Visualization of gridded scalar data with uncertainty in geosciences},
volume = {36},
journal = {Computers and Geosciences},
doi = {10.1016/j.cageo.2010.02.010}
}

@ARTICLE{jankowai2020feature,
  author={J. {Jankowai} and I. {Hotz}},
  journal={IEEE Transactions on Visualization and Computer Graphics}, 
  title={Feature Level-Sets: Generalizing Iso-Surfaces to Multi-Variate Data}, 
  year={2020},
  volume={26},
  number={2},
  pages={1308-1319},
  doi={10.1109/TVCG.2018.2867488}}

@article{carr2015fiber,
author = {Carr, Hamish and Geng, Zhao and Tierny, Julien and Chattopadhyay, Amit and Knoll, Aaron},
title = {Fiber Surfaces: Generalizing Isosurfaces to Bivariate Data},
journal = {Computer Graphics Forum},
volume = {34},
number = {3},
pages = {241-250},
keywords = {Categories and Subject Descriptors (according to ACM CCS), I.3.5 Computer Graphics: Computational Geometry and Object Modelling‚ÄîCurve, surface, solid and object representations},
doi = {https://doi.org/10.1111/cgf.12636},
url = {https://onlinelibrary.wiley.com/doi/abs/10.1111/cgf.12636},
eprint = {https://onlinelibrary.wiley.com/doi/pdf/10.1111/cgf.12636},
year = {2015}
}

@article{blecha2020fiber,
author = {Blecha, C. and Raith, F. and Pr√§ger, A. J. and Nagel, T. and Kolditz, O. and Ma√ümann, J. and R√∂ber, N. and B√∂ttinger, M. and Scheuermann, G.},
title = {Fiber Surfaces for many Variables},
journal = {Computer Graphics Forum},
volume = {39},
number = {3},
pages = {317-329},
doi = {https://doi.org/10.1111/cgf.13983},
url = {https://onlinelibrary.wiley.com/doi/abs/10.1111/cgf.13983},
eprint = {https://onlinelibrary.wiley.com/doi/pdf/10.1111/cgf.13983},
year = {2020}
}

@Inbook{Bonneau2014,
author="Bonneau, Georges-Pierre
and Hege, Hans-Christian
and Johnson, Chris R.
and Oliveira, Manuel M.
and Potter, Kristin
and Rheingans, Penny
and Schultz, Thomas",
title="Overview and State-of-the-Art of Uncertainty Visualization",
bookTitle="Scientific Visualization: Uncertainty, Multifield, Biomedical, and Scalable Visualization",
year="2014",
publisher="Springer London",
address="London",
pages="3--27",
doi="10.1007/978-1-4471-6497-5_1",
url="https://doi.org/10.1007/978-1-4471-6497-5_1"
}

@book{hansen2014scientific,
  title={Scientific visualization: uncertainty, multifield, biomedical, and scalable visualization},
  author={Hansen, Charles D and Chen, Min and Johnson, Christopher R and Kaufman, Arie E and Hagen, Hans},
  year={2014},
  publisher={Springer}
}

@article{he2019multivariate,
  title={Multivariate spatial data visualization: a survey},
  author={He, Xiangyang and Tao, Yubo and Wang, Qirui and Lin, Hai},
  journal={Journal of Visualization},
  volume={22},
  number={5},
  pages={897--912},
  year={2019},
  publisher={Springer}
}

@article{nguyen2020visualization,
  title={A Visualization Framework for Multi-scale Coherent Structures in Taylor-Couette Turbulence},
  author={Nguyen, Duong B and Monico, Rodolfo Ostilla and Chen, Guoning},
  journal={IEEE Transactions on Visualization and Computer Graphics},
  year={2020},
  publisher={IEEE}
}
